<?xml version="1.0" encoding="UTF-8"?><collection xmlns="http://www.loc.gov/MARC21/slim"><record><leader>00338nam--2200121-i-4500</leader><controlfield tag="001">000028868</controlfield><controlfield tag="002">20161230</controlfield><controlfield tag="005">20161230201037</controlfield><controlfield tag="008">060222s1000------------r-----000-0-eng-d</controlfield><datafield ind1=" " ind2=" " tag="100"><subfield code="a">Erdey-gruz, Tibor</subfield></datafield><datafield ind1=" " ind2=" " tag="245"><subfield code="a">Geza, schay</subfield></datafield><datafield ind1=" " ind2=" " tag="260"><subfield code="a">Chimie Fizica Teoretica.Trad.Din Limba Maghiara Dupa Ed. 2-a</subfield></datafield><datafield ind1=" " ind2=" " tag="490"><subfield code="a">Bucuresti, Ed.Tehnica, 1957. 900p</subfield></datafield></record></collection>